@article{venning2021predicting,
  title={Predicting targets and costs for feral-cat reduction on large islands using stochastic population models},
  author={Venning, Kathryn RW and Saltr{\'e}, Fr{\'e}d{\'e}rik and Bradshaw, Corey JA},
  journal={Conservation Science and Practice},
  pages={e448},
  year={2021},
  publisher={Wiley Online Library}
}
